@article{hinton2006fast,
  title={A fast learning algorithm for deep belief nets},
  author={Hinton, Geoffrey E and Osindero, Simon and Teh, Yee-Whye},
  journal={Neural computation},
  volume={18},
  number={7},
  pages={1527--1554},
  year={2006},
  publisher={MIT Press}
}

@article{movement2003unified,
	title={The Unified Parkinson's Disease Rating Scale (UPDRS): status and recommendations.},
	author={Movement Disorder Society Task Force on Rating Scales for Parkinson's Disease and others},
	journal={Movement disorders: official journal of the Movement Disorder Society},
	volume={18},
	number={7},
	pages={738},
	year={2003}
}

@article{huang2007hybrid,
	title={A hybrid genetic algorithm for feature selection wrapper based on mutual information},
	author={Huang, Jinjie and Cai, Yunze and Xu, Xiaoming},
	journal={Pattern Recognition Letters},
	volume={28},
	number={13},
	pages={1825--1844},
	year={2007},
	publisher={Elsevier}
}

@article{chahkandifeature,
	title={Feature Selection with Hybrid Mutual Information and Genetic Algorithm},
	author={Chahkandi, Vahid and Jalali, Mehrdad and Mirshahi, Mahsa and Hosseini, Ali}
}

@inproceedings{little2006nonlinear,
	title={Nonlinear, biophysically-informed speech pathology detection},
	author={Little, Max and McSharry, Patrick and Moroz, Irene and Roberts, Stephen},
	booktitle={Acoustics, Speech and Signal Processing, 2006. ICASSP 2006 Proceedings. 2006 IEEE International Conference on},
	volume={2},
	pages={II--II},
	year={2006},
	organization={IEEE}
}

@article{tsanas2012novel,
	title={Novel speech signal processing algorithms for high-accuracy classification of Parkinson's disease},
	author={Tsanas, Athanasios and Little, Max and McSharry, Patrick E and Spielman, Jennifer and Ramig, Lorraine O and others},
	journal={Biomedical Engineering, IEEE Transactions on},
	volume={59},
	number={5},
	pages={1264--1271},
	year={2012},
	publisher={IEEE}
}

@article{tsanas2011nonlinear,
	title={Nonlinear speech analysis algorithms mapped to a standard metric achieve clinically useful quantification of average Parkinson's disease symptom severity},
	author={Tsanas, Athanasios and Little, Max A and McSharry, Patrick E and Ramig, Lorraine O},
	journal={Journal of the Royal Society Interface},
	volume={8},
	number={59},
	pages={842--855},
	year={2011},
	publisher={The Royal Society}
}

@article{tsanas2012using,
	title={Using the cellular mobile telephone network to remotely monitor parkinsons disease symptom severity},
	author={Tsanas, Athanasios and Little, Max A and McSharry, Patrick E and Ramig, L},
	journal={IEEE Transactions on Biomedical Engineering},
	year={2012}
}

@inproceedings{nagatani2014restricted,
	title={Restricted Boltzmann machine associative memory},
	author={Nagatani, Keiji and Hagiwara, Manabu},
	booktitle={Neural Networks (IJCNN), 2014 International Joint Conference on},
	pages={3745--3750},
	year={2014},
	organization={IEEE}
}

@article{darwin1859origins,
	title={On the origins of species by means of natural selection},
	author={Darwin, Charles},
	journal={London: Murray},
	pages={247},
	year={1859}
}

@techreport{resnik2010gibbs,
	title={Gibbs sampling for the uninitiated},
	author={Resnik, Philip and Hardisty, Eric},
	year={2010},
	institution={DTIC Document}
}

@article{bengio2009justifying,
	title={Justifying and generalizing contrastive divergence},
	author={Bengio, Yoshua and Delalleau, Olivier},
	journal={Neural computation},
	volume={21},
	number={6},
	pages={1601--1621},
	year={2009},
	publisher={MIT Press}
}

@article{hinton2010practical,
	title={A practical guide to training restricted Boltzmann machines},
	author={Hinton, Geoffrey},
	journal={Momentum},
	volume={9},
	number={1},
	pages={926},
	year={2010}
}

@article{hinton2006reducing,
	title={Reducing the dimensionality of data with neural networks},
	author={Hinton, Geoffrey E and Salakhutdinov, Ruslan R},
	journal={Science},
	volume={313},
	number={5786},
	pages={504--507},
	year={2006},
	publisher={American Association for the Advancement of Science}
}

@article{hinton1995wake,
	title={The" wake-sleep" algorithm for unsupervised neural networks},
	author={Hinton, Geoffrey E and Dayan, Peter and Frey, Brendan J and Neal, Radford M},
	journal={Science},
	volume={268},
	number={5214},
	pages={1158--1161},
	year={1995},
	publisher={American Association for the Advancement of Science}
}

@inproceedings{lee2013pseudo,
	title={Pseudo-label: The simple and efficient semi-supervised learning method for deep neural networks},
	author={Lee, Dong-Hyun},
	booktitle={Workshop on Challenges in Representation Learning, ICML},
	volume={3},
	year={2013}
}

@article{vincent2010stacked,
	title={Stacked denoising autoencoders: Learning useful representations in a deep network with a local denoising criterion},
	author={Vincent, Pascal and Larochelle, Hugo and Lajoie, Isabelle and Bengio, Yoshua and Manzagol, Pierre-Antoine},
	journal={The Journal of Machine Learning Research},
	volume={11},
	pages={3371--3408},
	year={2010},
	publisher={JMLR. org}
}

@inproceedings{ranzato2008semi,
	title={Semi-supervised learning of compact document representations with deep networks},
	author={Ranzato, Marc'Aurelio and Szummer, Martin},
	booktitle={Proceedings of the 25th international conference on Machine learning},
	pages={792--799},
	year={2008},
	organization={ACM}
}

@inproceedings{lee2009convolutional,
	title={Convolutional deep belief networks for scalable unsupervised learning of hierarchical representations},
	author={Lee, Honglak and Grosse, Roger and Ranganath, Rajesh and Ng, Andrew Y},
	booktitle={Proceedings of the 26th Annual International Conference on Machine Learning},
	pages={609--616},
	year={2009},
	organization={ACM}
}

@Misc{updrsguide,
	howpublished = {\url{http://www.cofemer.fr/UserFiles/File/ECH.2.5.1.UPDRSa.pdf}},
	title = {Guide d'Ã©valuation de l'UPDRS}
}